<?xml version="1.0" encoding="UTF-8"?><collection xmlns="http://www.loc.gov/MARC21/slim"><record><leader>00332nam--2200133-i-4500</leader><controlfield tag="001">000026844</controlfield><controlfield tag="002">20161230</controlfield><controlfield tag="005">20161230201036</controlfield><controlfield tag="008">060222s1000------------r-----000-0-eng-d</controlfield><datafield ind1=" " ind2=" " tag="080"><subfield code="a">543.544.25</subfield></datafield><datafield ind1=" " ind2=" " tag="245"><subfield code="a">Gas chromatography abstracts: 1964</subfield></datafield><datafield ind1=" " ind2=" " tag="260"><subfield code="a">London, Butterworths Sci.Publ.,1960</subfield></datafield><datafield ind1=" " ind2=" " tag="700"><subfield code="a">Knapman, C.E.H</subfield></datafield><datafield ind1=" " ind2=" " tag="852"><subfield code="a">11514</subfield></datafield></record></collection>